
// NOTE: IEEE Xplore と ACM でフォーマットが統一されていないので，
//       ちゃんと確認すること！

// 文献の種類：
// inproceedings:   会議の議事録
// article:         雑誌

@inproceedings{Ferdman2011,
    author = {Ferdman, Michael and Kaynak, Cansu and Falsafi, Babak},
    title = {Proactive Instruction Fetch},
    booktitle = {Proceedings of the 44th International Symposium on Microarchitecture},
    year = {2011},
    pages = {152--162},
    month = {December},
}

@article{Skylake_MPR,
    author = {L. Gwennap},
    title = {Skylake Speedshifts to Next Gear},
    journal = {Microprocessor Report},
    year = {2015},
    month = {September},
    day = {7},
}
